% Encoding: UTF-8@Misc{apple:mvc,  title        = {Apple MVC},  howpublished = {[Электронный ресурс]},  note         = {Режим доступа: https://goo.gl/ydBWwN},}@MISC{wiki:mvvm,   title =        {MVVM},   howpublished = {[Электронный ресурс]},   note         = {Режим доступа: https://goo.gl/HCTBBa},}@MISC{wiki:fp,   title =        {Функциональное программирование},   howpublished = {[Электронный ресурс]},   note         = {Режим доступа: https://goo.gl/EhdSWg},}@MISC{wiki:data-flow,   title =        {Data Flow Programming},   howpublished = {[Электронный ресурс]},   note         = {Режим доступа: https://goo.gl/gh4ahR},}@MISC{wiki:rx,   title =        {Reactive Extensions},   howpublished = {[Электронный ресурс]},   note         = {Режим доступа: https://goo.gl/X82XEe},}@MISC{reactivex:introduction,   title =        {Сайт сообщества ReactiveX},   howpublished = {[Электронный ресурс]},   note         = {Режим доступа: https://goo.gl/hNqVKa},}@MISC{soundcloud:ufeature,   title =        {uFeatures Guidelines},   howpublished = {[Электронный ресурс]},   note         = {Режим доступа: https://goo.gl/j6q9T1},}@MISC{microservices:ma,   title =        {Monolithic Architecture},   howpublished = {[Электронный ресурс]},   note         = {Режим доступа: https://goo.gl/oewdBN},}@MISC{microservices:ms,   title =        {Microservice Architecture},   howpublished = {[Электронный ресурс]},   note         = {Режим доступа: https://goo.gl/VpTtJJ},}@MISC{swift:about,   title =        {About Swift},   howpublished = {[Электронный ресурс]},   note         = {Режим доступа: https://goo.gl/ULEfR4},}@MISC{wiki:crypto,   title =        {Криптография},   howpublished = {[Электронный ресурс]},   note         = {Режим доступа: https://goo.gl/mR3ECK},}@MISC{wiki:aes,   title =        {Advanced Encryption Standard},   howpublished = {[Электронный ресурс]},   note         = {Режим доступа: https://goo.gl/Hk8DbZ},}@MISC{thg:aes,   title =        {Анализ аппаратного ускорения шифрования AES},   howpublished = {[Электронный ресурс]},   note         = {Режим доступа: https://goo.gl/dXAZV9},}@MISC{wiki:rsa,   title =        {RSA},   howpublished = {[Электронный ресурс]},   note         = {Режим доступа: https://goo.gl/g1NKkH},}@MISC{wiki:unit,   title =        {Модульное тестирование},   howpublished = {[Электронный ресурс]},   note         = {Режим доступа: https://goo.gl/scwWMk},}@MISC{wiki:mock,   title =        {Mock-объект},   howpublished = {[Электронный ресурс]},   note         = {Режим доступа: https://goo.gl/RVhzG6},}@MISC{wiki:stub,   title =        {Функция-заглушка},   howpublished = {[Электронный ресурс]},   note         = {Режим доступа: https://goo.gl/Z7LJaT},}@MISC{github:quick,   title =        {Quick},   howpublished = {[Электронный ресурс]},   note         = {Режим доступа: https://goo.gl/TcENU7},}@MISC{slack:capitalization,   title =        {Slack is now wroth over 5 billion},   howpublished = {[Электронный ресурс]},   note         = {Режим доступа: https://goo.gl/KgoL53},}@MISC{telegram:vs:rkn,   title =        {Роскомнадзор vs Telegram},   howpublished = {[Электронный ресурс]},   note         = {Режим доступа: https://goo.gl/xgoQzT},}@MISC{vapor:github,   title =        {Vapor Github},   howpublished = {[Электронный ресурс]},   note         = {Режим доступа: https://goo.gl/rk8pF6},}@MISC{vapor:site,   title =        {Vapor},   howpublished = {[Электронный ресурс]},   note         = {Режим доступа: https://vapor.codes},}@MISC{nio:github,   title =        {SwiftNIO},   howpublished = {[Электронный ресурс]},   note         = {Режим доступа: https://goo.gl/Md65tb},}@MISC{wiki:ci,   title =        {Непрерывная интеграция},   howpublished = {[Электронный ресурс]},   note         = {Режим доступа: https://goo.gl/EgQhdn},}@MISC{wiki:cd,   title =        {Непрерывная доставка},   howpublished = {[Электронный ресурс]},   note         = {Режим доступа: https://goo.gl/WTtex4},}@Book{kulikov_testing,  title     = {Тестирование программного обеспечения. Базовый курс},  publisher = {EPAM Systems, RD Dep.},  year      = {2017},  author    = {С. С. Куликов},  note      = {http://svyatoslav.biz/software\_testing\_book/},}@Book{functional-swift,  title     = {Functional Swift},  publisher = {Florian Kugler},  year      = {2017},  author    = {Chris Eidhof},   isbn      = {3000492224}}@book{programming-in-haskell,  title     = {Programming in Haskell},  publisher = {Cambridge University Press},  year      = {2016},  author    = {Graham Hutton},   isbn      = {1316626229}}@book{app-architecture,  title     = {App Architecture},  publisher = {objc.io},  year      = {2018},  author    = {Chris Eidhof},   asin      = {B07D21KRJN}}@book{server-side-swift,  title     = {Server-Side Swift},  publisher = {Gumroad},  year      = {2017},  author    = {Paul Hudson},   asin      = {B07D21KRJN}}